@book{alexandrov,
title={Выпуклые многогранники},
author={Александров, А. Д.},
year={1950},
language={russian},
hyphenation={russian}
}

@book{kiselyov,
title={Геометрия по Киселёву}, 
author={Киселёв, А. П.},
year={2021},
language={russian},
hyphenation={russian} 
}

@book{tabacnikov-fuks,
title={Математический дивертисмент}, 
author={Табачников, С. Л. and Фукс, Д. Б.},
year={2016},
language={russian},
hyphenation={russian} 
}

@book{aigner-zigler,
title={Доказательства из Книги}, 
author={Айгнер, М. and Циглер, Г.},
year={2006},
language={russian},
hyphenation={russian} 
}

@book{dolbilin,
title={Жемчужины теории многогранников}, 
author={Долбилин, Н. П.},
year={2000},
language={russian},
hyphenation={russian} 
}


