@book {aigner-zigler,
    AUTHOR = {Aigner, M. and Ziegler, G. M.},
     TITLE = {Proofs from {T}he {B}ook},
   EDITION = {Any edition},
}

@book {alexandrov,
    AUTHOR = {Alexandrov, A. D.},
     TITLE = {Convex polyhedra},
   % SERIES = {Springer Monographs in Mathematics},
      note = {[Translated from the 1950 Russian edition by N. S. Dairbekov,
              S. S. Kutateladze and A. B. Sossinsky,
              With comments and bibliography by V. A. Zalgaller and
              appendices by L. A. Shor and Yu. A. Volkov]},
 %PUBLISHER = {Springer-Verlag, Berlin},
      YEAR = {2005},
  %   PAGES = {xii+539},
  %    ISBN = {3-540-23158-7},
  % MRCLASS = {52-02 (52Axx 52Bxx)},
 % MRNUMBER = {2127379},
}

@book{alexandrov-1948,
title={Внутренняя геометрия выпуклых поверхностей},
author={Александров, А. Д.},
year={1948},
language={russian},
hyphenation={russian}
}

@article {alexandrov-1941,
    AUTHOR = {Александров, А. Д.},
     TITLE = {Существование выпуклого многогранника и выпуклой поверхности с заданной метрикой},
   JOURNAL = {Матем. сб.},
    VOLUME = {11(53)},
      YEAR = {1942},
    NUMBER = {1-2},
     PAGES = {15–65},
     language={russian},
hyphenation={russian},
}


@book{dolbilin,
title={Жемчужины теории многогранников}, 
author={Долбилин, Н. П.},
year={2000},
language={russian},
hyphenation={russian} 
}

@book{kiselyov-3D,
  title={Kiselev's Geometry: Stereometry},
  author={Kiselev, A. P.},
  year={2008},
  publisher={Sumizdat},
  note={[Adapted from Russian by A. Givental]}
}

@article {volkov,
    AUTHOR = {Волков, Ю. А.},
     TITLE = {Существование многогранника с данной разверткой},
   JOURNAL = {Зап. научн. сем. ПОМИ},
    VOLUME = {},
      YEAR = {2018},
    NUMBER = {},
     PAGES = {50---78},
     language={russian},
hyphenation={russian},
}

@book {tabacnikov-fuks,
    AUTHOR = {Fuchs, D. and Tabachnikov, S.},
     TITLE = {Mathematical omnibus},
 %     NOTE = {Thirty lectures on classic mathematics},
%PUBLISHER = {American Mathematical Society, Providence, RI},
      YEAR = {2007},
    % PAGES = {xvi+463},
    %  ISBN = {978-0-8218-4316-1},
  % MRCLASS = {00A05 (00A08 51-02)},
 % MRNUMBER = {2350979},
%MRREVIEWER = {Rade \v{Z}ivaljevi\'{c}},
  %     DOI = {10.1090/mbk/046},
  %     URL = {https://doi.org/10.1090/mbk/046},
}
